@Misc{gsoc,
  author =    {{Google}},
  title =     {{Summer of Code}},
  howpublished = {Available at \url{http://code.google.com/soc/}}
}

@Misc{npf_announce,
  author = {{The NetBSD Foundation}},
  title = {{Introducing NPF, NetBSD's new packet filter}},
  howpublished = {Available at \url{http://mail-index.netbsd.org/netbsd-announce/2010/09/13/msg000110.html}}
}

@Misc{smpfund,
  author = {{The NetBSD Foundation}},
  title = {{Plan and funding of SMP Networking projects}},
  howpublished = {Available at \url{http://mail-index.netbsd.org/netbsd-announce/2011/11/25/msg000136.html}}
}

@Misc{ipv6_proposal,
  author = {{Zoltan Arnold NAGY}},
  title = {{IPv6 support for NPF firewall}},
  howpublished = {\url{http://www.google-melange.com/gsoc/proposal/review/google/gsoc2011/nagyz/1001}}
}

@Misc{instr,
  author = {{"NPF"}},
  title = {{"n-code header"}},
  howpublished = {\url{http://cvsweb.netbsd.org/bsdweb.cgi/src/sys/net/npf/npf_ncode.h?rev=1.6&content-type=text/x-cvsweb-markup}}
}

@inproceedings{BPF,
 author = {McCanne, Steven and Jacobson, Van},
 title = {The BSD packet filter: a new architecture for user-level packet capture},
 booktitle = {Proceedings of the USENIX Winter 1993 Conference Proceedings on USENIX Winter 1993 Conference Proceedings},
 series = {USENIX'93},
 year = {1993},
 location = {San Diego, California},
 pages = {2--2},
 numpages = {1},
 url = {http://dl.acm.org/citation.cfm?id=1267303.1267305},
 acmid = {1267305},
 publisher = {USENIX Association},
 address = {Berkeley, CA, USA},
}
